%% This BibTeX bibliography file was created using BibDesk.
%% https://bibdesk.sourceforge.io/

%% Created for Peter Kling at 2021-05-11 09:12:33 +0200 


%% Saved with string encoding Unicode (UTF-8) 



@book{DBLP:books/lib/Knuth97,
	author = {Knuth, Donald Ervin},
	bibsource = {dblp computer science bibliography, https://dblp.org},
	biburl = {https://dblp.org/rec/books/lib/Knuth97.bib},
	date-added = {2021-05-11 09:12:27 +0200},
	date-modified = {2021-05-11 09:12:27 +0200},
	isbn = {0201896834},
	publisher = {Addison-Wesley},
	timestamp = {Fri, 17 Jul 2020 16:12:39 +0200},
	title = {The art of computer programming, Volume {I:} Fundamental Algorithms, 3rd Edition},
	url = {https://www.worldcat.org/oclc/312910844},
	year = {1997},
	Bdsk-Url-1 = {https://www.worldcat.org/oclc/312910844}}
